@article{chilamkurthy2018deep,
  title={Deep learning algorithms for detection of critical findings in head CT scans: a retrospective study},
  author={Chilamkurthy, Sasank and Ghosh, Rohit and Tanamala, Swetha and Biviji, Mustafa and Campeau, Norbert G and Venugopal, Vasantha Kumar and Mahajan, Vidur and Rao, Pooja and Warier, Prashant},
  journal={The Lancet},
  volume={392},
  number={10162},
  pages={2388--2396},
  year={2018},
  publisher={Elsevier}
}
@article{titano2018automated,
  title={Automated deep-neural-network surveillance of cranial images for acute neurologic events},
  author={Titano, Joseph J and Badgeley, Marcus and Schefflein, Javin and Pain, Margaret and Su, Andres and Cai, Michael and Swinburne, Nathaniel and Zech, John and Kim, Jun and Bederson, Joshua and others},
  journal={Nature medicine},
  volume={24},
  number={9},
  pages={1337--1341},
  year={2018},
  publisher={Nature Publishing Group US New York}
}
@article{lee2019explainable,
  title={An explainable deep-learning algorithm for the detection of acute intracranial haemorrhage from small datasets},
  author={Lee, Hyunkwang and Yune, Sehyo and Mansouri, Mohammad and Kim, Myeongchan and Tajmir, Shahein H and Guerrier, Claude E and Ebert, Sarah A and Pomerantz, Stuart R and Romero, Javier M and Kamalian, Shahmir and others},
  journal={Nature biomedical engineering},
  volume={3},
  number={3},
  pages={173--182},
  year={2019},
  publisher={Nature Publishing Group UK London}
}
@article{arbabshirani2018advanced,
  title={Advanced machine learning in action: identification of intracranial hemorrhage on computed tomography scans of the head with clinical workflow integration},
  author={Arbabshirani, Mohammad R and Fornwalt, Brandon K and Mongelluzzo, Gino J and Suever, Jonathan D and Geise, Brandon D and Patel, Aalpen A and Moore, Gregory J},
  journal={NPJ digital medicine},
  volume={1},
  number={1},
  pages={9},
  year={2018},
  publisher={Nature Publishing Group UK London}
}
@inproceedings{grewal2018radnet,
  title={Radnet: Radiologist level accuracy using deep learning for hemorrhage detection in ct scans},
  author={Grewal, Monika and Srivastava, Muktabh Mayank and Kumar, Pulkit and Varadarajan, Srikrishna},
  booktitle={2018 IEEE 15th International Symposium on Biomedical Imaging (ISBI 2018)},
  pages={281--284},
  year={2018},
  organization={IEEE}
}
@article{chang2018hybrid,
  title={Hybrid 3D/2D convolutional neural network for hemorrhage evaluation on head CT},
  author={Chang, Peter D and Kuoy, Edward and Grinband, Jack and Weinberg, Brent D and Thompson, Matthew and Homo, Richelle and Chen, Jefferson and Abcede, Hermelinda and Shafie, Mohammad and Sugrue, Leo and others},
  journal={American Journal of Neuroradiology},
  volume={39},
  number={9},
  pages={1609--1616},
  year={2018},
  publisher={Am Soc Neuroradiology}
}
@article{kuo2019expert,
  title={Expert-level detection of acute intracranial hemorrhage on head computed tomography using deep learning},
  author={Kuo, Weicheng and HÓ“ne, Christian and Mukherjee, Pratik and Malik, Jitendra and Yuh, Esther L},
  journal={Proceedings of the National Academy of Sciences},
  volume={116},
  number={45},
  pages={22737--22745},
  year={2019},
  publisher={National Acad Sciences}
}
@article{ye2019precise,
  title={Precise diagnosis of intracranial hemorrhage and subtypes using a three-dimensional joint convolutional and recurrent neural network},
  author={Ye, Hai and Gao, Feng and Yin, Youbing and Guo, Danfeng and Zhao, Pengfei and Lu, Yi and Wang, Xin and Bai, Junjie and Cao, Kunlin and Song, Qi and others},
  journal={European radiology},
  volume={29},
  pages={6191--6201},
  year={2019},
  publisher={Springer}
}
@article{burduja2020accurate,
  title={Accurate and efficient intracranial hemorrhage detection and subtype classification in 3D CT scans with convolutional and long short-term memory neural networks},
  author={Burduja, Mihail and Ionescu, Radu Tudor and Verga, Nicolae},
  journal={Sensors},
  volume={20},
  number={19},
  pages={5611},
  year={2020},
  publisher={MDPI}
}
@article{chen2023artificial,
  title={An artificial intelligence-based prognostic prediction model for hemorrhagic stroke},
  author={Chen, Yihao and Jiang, Cheng and Chang, Jianbo and Qin, Chenchen and Zhang, Qinghua and Ye, Zeju and Li, Zhaojian and Tian, Fengxuan and Ma, Wenbin and Feng, Ming and others},
  journal={European Journal of Radiology},
  volume={167},
  pages={111081},
  year={2023},
  publisher={Elsevier}
}
@article{rajagopal2023efficient,
  title={An efficient framework to detect intracranial hemorrhage using hybrid deep neural networks},
  author={Rajagopal, Manikandan and Buradagunta, Suvarna and Almeshari, Meshari and Alzamil, Yasser and Ramalingam, Rajakumar and Ravi, Vinayakumar},
  journal={Brain Sciences},
  volume={13},
  number={3},
  pages={400},
  year={2023},
  publisher={MDPI}
}
@article{gudadhe2023classification,
  title={Classification of intracranial hemorrhage CT images based on texture analysis using ensemble-based machine learning algorithms: A comparative study},
  author={Gudadhe, Santwana S and Thakare, Anuradha D and Oliva, Diego},
  journal={Biomedical Signal Processing and Control},
  volume={84},
  pages={104832},
  year={2023},
  publisher={Elsevier}
}@article{monica2022detection,
  title={Detection and categorization of acute intracranial hemorrhage subtypes using a multilayer DenseNet-ResNet architecture with improved random forest classifier},
  author={Monica Jenefer, Balraj M and Senathipathi, K and Aarthi and Annapandi},
  journal={Concurrency and Computation: Practice and Experience},
  volume={34},
  number={22},
  pages={e7167},
  year={2022},
  publisher={Wiley Online Library}
}
@article{hssayeni2020intracranial,
  title={Intracranial hemorrhage segmentation using a deep convolutional model},
  author={Hssayeni, Murtadha D and Croock, Muayad S and Salman, Aymen D and Al-Khafaji, Hassan Falah and Yahya, Zakaria A and Ghoraani, Behnaz},
  journal={Data},
  volume={5},
  number={1},
  pages={14},
  year={2020},
  publisher={MDPI}
}
@article{morgenstern2010guidelines,
  title={Guidelines for the management of spontaneous intracerebral hemorrhage: a guideline for healthcare professionals from the American Heart Association/American Stroke Association},
  author={Morgenstern, Lewis B and Hemphill III, J Claude and Anderson, Craig and Becker, Kyra and Broderick, Joseph P and Connolly Jr, E Sander and Greenberg, Steven M and Huang, James N and Macdonald, R Loch and Mess{\'e}, Steven R and others},
  journal={Stroke},
  volume={41},
  number={9},
  pages={2108--2129},
  year={2010},
  publisher={Am Heart Assoc}
}
@article{van2010incidence,
  title={Incidence, case fatality, and functional outcome of intracerebral haemorrhage over time, according to age, sex, and ethnic origin: a systematic review and meta-analysis},
  author={Van Asch, Charlotte JJ and Luitse, Merel JA and Rinkel, Gabri{\"e}l JE and van der Tweel, Ingeborg and Algra, Ale and Klijn, Catharina JM},
  journal={The Lancet Neurology},
  volume={9},
  number={2},
  pages={167--176},
  year={2010},
  publisher={Elsevier}
}
@article{hackett2000health,
  title={Health outcomes 1 year after subarachnoid hemorrhage: an international population-based study},
  author={Hackett, Maree L and Anderson, Craig S},
  journal={Neurology},
  volume={55},
  number={5},
  pages={658--662},
  year={2000},
  publisher={AAN Enterprises}
}